@misc{web:faa_nextgen,
  author = {Federal Aviation Administration},
  title = {{NextGen} Background},
  url = {https://www.faa.gov/nextgen/background}
}

@article{nasa-2016-speech-recognition,
  title={Performance Evaluation of Speech Recognition Systems as a Next-Generation Pilot-Vehicle Interface Technology},
  author={Arthur III, Jarvis J. and Shelton, Kevin J. and Prinzel III, Lawrence J. and Bailey, Randall E.},
  journal={NASA Technical Report},
  year={2016}
}

@article{faa-2022-nextgen,
  title={Review of FY2022 - 2024 Proposed Portfolio},
  author={Dipierro, Giovanni and Higginbotham, Robert},
  journal={FAA Office of NextGen (ANG)},
  year={2022}
}

@article{faa-2022-budget,
  title={Budget Estimates Fiscal Year 2022},
  author={Federal Aviation Administation},
  journal={U.S. Department of Transportation},
  year={2022}
}

@article{carstens2022accuracy,
  title={Accuracy of Commercially-Available Speech Recognition Systems in Identifying PIREP Terminology},
  author={Carstens, Ph D and Harwin, JS and Michael, S and Li, Ph D and Splitt, MS and Olabanji, MS and others},
  journal={International Journal of Aviation, Aeronautics, and Aerospace},
  volume={9},
  number={3},
  pages={8},
  year={2022}
}

@article{madry2017towards,
  title={Towards deep learning models resistant to adversarial attacks},
  author={Madry, Aleksander and Makelov, Aleksandar and Schmidt, Ludwig and Tsipras, Dimitris and Vladu, Adrian},
  journal={arXiv preprint arXiv:1706.06083},
  year={2017}
}

@inproceedings{graves2006connectionist,
  title={Connectionist temporal classification: labelling unsegmented sequence data with recurrent neural networks},
  author={Graves, Alex and Fern{\'a}ndez, Santiago and Gomez, Faustino and Schmidhuber, J{\"u}rgen},
  booktitle={Proceedings of the 23rd international conference on Machine learning},
  pages={369--376},
  year={2006}
}

@article{baevski2020wav2vec,
  title={wav2vec 2.0: A framework for self-supervised learning of speech representations},
  author={Baevski, Alexei and Zhou, Yuhao and Mohamed, Abdelrahman and Auli, Michael},
  journal={Advances in neural information processing systems},
  volume={33},
  pages={12449--12460},
  year={2020}
}

@article{schonherr2018adversarial,
  title={Adversarial attacks against automatic speech recognition systems via psychoacoustic hiding},
  author={Sch{\"o}nherr, Lea and Kohls, Katharina and Zeiler, Steffen and Holz, Thorsten and Kolossa, Dorothea},
  journal={arXiv preprint arXiv:1808.05665},
  year={2018}
}
